<record><leader>00000cas a22000007a 4500</leader><controlfield tag="001">13662592</controlfield><controlfield tag="008">860530d19061910nvuwr ne      0    0eng d</controlfield><datafield ind1=" " ind2=" " tag="010"><subfield code="a">sn 86076176 </subfield></datafield><datafield ind1=" " ind2=" " tag="040"><subfield code="a">NNX</subfield><subfield code="b">eng</subfield><subfield code="c">NNX</subfield><subfield code="d">OCLCQ</subfield></datafield><datafield ind1=" " ind2=" " tag="042"><subfield code="a">msc</subfield></datafield><datafield ind1="0" ind2="4" tag="245"><subfield code="a">The Tonopah daily sun. Saturday edition.</subfield></datafield><datafield ind1="1" ind2="7" tag="246"><subfield code="a">Saturday mining edition</subfield></datafield><datafield ind1=" " ind2=" " tag="260"><subfield code="a">Tonopah, Nev. :</subfield><subfield code="b">L.C. Branson,</subfield><subfield code="c">1906-1910.</subfield></datafield><datafield ind1=" " ind2=" " tag="300"><subfield code="a">5 v. :</subfield><subfield code="b">ill.</subfield></datafield><datafield ind1=" " ind2=" " tag="310"><subfield code="a">Weekly</subfield></datafield><datafield ind1="0" ind2=" " tag="362"><subfield code="a">Vol. 2, no. 222 (Jan. 27, 1906)-v. 6, no. 112 (May 7, 1910).</subfield></datafield><datafield ind1=" " ind2=" " tag="500"><subfield code="a">Publisher: Feb. 19, 1910, The Tonopah Sun, Inc.; Feb. 26, 1910-&lt;Apr. 2, 1910&gt; Bohannan &amp; Fording; &lt;Apr. 16, 1910&gt;-May 7, 1910, Bohannan, Fording &amp; Bennett.</subfield></datafield><datafield ind1=" " ind2=" " tag="515"><subfield code="a">Frequent misnumbering.</subfield></datafield><datafield ind1="8" ind2=" " tag="521"><subfield code="a">Mining.</subfield></datafield><datafield ind1=" " ind2=" " tag="580"><subfield code="a">Weekly edition of: Tonopah daily sun; Tonopah sun (Tonopah, Nev. : 1909).</subfield></datafield><datafield ind1=" " ind2=" " tag="752"><subfield code="a">United States</subfield><subfield code="b">Nevada</subfield><subfield code="c">Nye</subfield><subfield code="d">Tonopah.</subfield></datafield><datafield ind1="1" ind2=" " tag="775"><subfield code="t">Tonopah daily sun</subfield><subfield code="w">(DLC)sn 86091363</subfield><subfield code="w">(OCoLC)13485998</subfield></datafield><datafield ind1="1" ind2=" " tag="775"><subfield code="t">Tonopah sun (Tonopah, Nev. : 1909)</subfield><subfield code="w">(DLC)sn 86091364</subfield><subfield code="w">(OCoLC)13486037</subfield></datafield></record>